@misc{React,
	title        = {React (web framework)},
	howpublished = {\url{https://reactjs.org/}}
}

@misc{NextJS,
	title        = {Next.js},
	howpublished = {\url{https://nextjs.org/}}
}

@misc{Prisma,
	title        = {Prisma},
	howpublished = {\url{https://www.prisma.io/}}
}

@misc{TypeScript,
	title        = {TypeScript},
	howpublished = {\url{https://www.typescriptlang.org/}}
}

@misc{ChakraUI,
  title        = {Chakra UI},
  howpublished = {\url{https://chakra-ui.com}}
}

@misc{Postgresql,
  title        = {PostgreSQL},
  howpublished = {\url{https://www.postgresql.org/}}
}

@misc{REST,
  title       = {REST API},
  howpublished = {\url{https://en.wikipedia.org/wiki/Representational_state_transfer}}
}

@misc{fetchAPI,
  title        = {Fetch API},
  howpublished = {\url{https://developer.mozilla.org/en-US/docs/Web/API/Fetch_API}}
}

@misc{SWR,
  title        = {SWR},
  howpublished = {\url{https://swr.vercel.app/}}
}
